<record><leader>00000cas a2200000 a 4500</leader><controlfield tag="001">76815249</controlfield><controlfield tag="008">061128d18961905oruwr ne      0    0eng c</controlfield><datafield ind1=" " ind2=" " tag="010"><subfield code="a">  2006260032</subfield></datafield><datafield ind1=" " ind2=" " tag="040"><subfield code="a">ORU</subfield><subfield code="b">eng</subfield><subfield code="c">ORU</subfield><subfield code="d">ORU</subfield><subfield code="d">CRL</subfield><subfield code="d">OCLCQ</subfield><subfield code="d">OCLCF</subfield></datafield><datafield ind1="1" ind2=" " tag="029"><subfield code="a">AU@</subfield><subfield code="b">000041113436</subfield></datafield><datafield ind1=" " ind2=" " tag="042"><subfield code="a">pcc</subfield></datafield><datafield ind1=" " ind2=" " tag="043"><subfield code="a">n-us-or</subfield></datafield><datafield ind1="0" ind2=" " tag="130"><subfield code="a">Eastern Oregon observer (La Grande, Or.)</subfield></datafield><datafield ind1="1" ind2="0" tag="245"><subfield code="a">Eastern Oregon observer.</subfield></datafield><datafield ind1="3" ind2="0" tag="246"><subfield code="a">Oregon observer</subfield></datafield><datafield ind1=" " ind2=" " tag="260"><subfield code="a">La Grande, Union Co., Or. :</subfield><subfield code="b">[Currey Bros.],</subfield><subfield code="c">-1905.</subfield></datafield><datafield ind1=" " ind2=" " tag="300"><subfield code="a">v. :</subfield><subfield code="b">ill.</subfield></datafield><datafield ind1=" " ind2=" " tag="310"><subfield code="a">Weekly</subfield></datafield><datafield ind1="1" ind2=" " tag="362"><subfield code="a">Began in 1896.</subfield></datafield><datafield ind1="0" ind2=" " tag="362"><subfield code="a">-v. 10, no. 10 (Nov. 3, 1905).</subfield></datafield><datafield ind1=" " ind2=" " tag="530"><subfield code="a">Also issued on microfilm from University of Oregon.</subfield></datafield><datafield ind1=" " ind2=" " tag="580"><subfield code="a">Daily ed.: Daily morning observer, Dec. 1, 1897-June 15, 1898; La Grande morning observer, &lt;Nov. 2, 1901-Apr. 30, 1904&gt;; La Grande evening observer, &lt;May 2, 1904&gt;-Nov. 9, 1905.</subfield></datafield><datafield ind1=" " ind2=" " tag="588"><subfield code="a">Description based on: Vol. 2, no. 27 (Apr. 28, 1898).</subfield></datafield><datafield ind1=" " ind2="0" tag="651"><subfield code="a">La Grande (Or.)</subfield><subfield code="v">Newspapers.</subfield></datafield><datafield ind1=" " ind2="0" tag="651"><subfield code="a">Union County (Or.)</subfield><subfield code="v">Newspapers.</subfield></datafield><datafield ind1=" " ind2="7" tag="655"><subfield code="a">Newspapers.</subfield><subfield code="2">fast</subfield><subfield code="0">(OCoLC)fst01423814</subfield></datafield><datafield ind1=" " ind2="7" tag="651"><subfield code="a">Oregon</subfield><subfield code="z">La Grande.</subfield><subfield code="2">fast</subfield><subfield code="0">(OCoLC)fst01214202</subfield></datafield><datafield ind1=" " ind2="7" tag="651"><subfield code="a">Oregon</subfield><subfield code="z">Union County.</subfield><subfield code="2">fast</subfield><subfield code="0">(OCoLC)fst01223302</subfield></datafield><datafield ind1=" " ind2=" " tag="752"><subfield code="a">United States</subfield><subfield code="b">Oregon</subfield><subfield code="c">Union</subfield><subfield code="d">La Grande.</subfield></datafield><datafield ind1="1" ind2=" " tag="775"><subfield code="t">Daily morning observer</subfield><subfield code="w">(DLC)  2006260037</subfield><subfield code="w">(OCoLC)76815444</subfield></datafield><datafield ind1="1" ind2=" " tag="775"><subfield code="t">Grande morning observer</subfield><subfield code="w">(DLC)  2006260038</subfield><subfield code="w">(OCoLC)76815439</subfield></datafield><datafield ind1="1" ind2=" " tag="775"><subfield code="t">Grande evening observer</subfield><subfield code="w">(DLC)  2006260039</subfield><subfield code="w">(OCoLC)76815594</subfield></datafield><datafield ind1="0" ind2="0" tag="785"><subfield code="t">Grande weekly observer</subfield><subfield code="w">(DLC)  2006260033</subfield><subfield code="w">(OCoLC)76815294</subfield></datafield></record>